@article{articuloprofe,
    author = "Anonimo",
    title = "Funcionamiento de la memoria de un computador",
    url =" http://www.youbioit.com/es/article/shared-information/8714/como-funciona-la-memoria-de-una-computadora",
    keywords =  "Memoria",
}
@article{gestion,
    author = "Yanneth gutierrez sanchez",
    title = "gestion de memoria",
    url =" https://sites.google.com/site/sisoper1/home/gestion-de-memoria#:~:text=La\%20parte\%20del\%20sistema\%20operativo,necesiten\%20y\%20liber\%C3\%A1ndola\%20cuando\%20terminen",
    keywords =  "gestion",
    }

